@ARTICLE{ieeec95,
journal={IEEE Std C95.1-2019 (Revision of IEEE Std C95.1-2005/ Incorporates IEEE Std C95.1-2019/Cor 1-2019)}, 
title={IEEE Standard for Safety Levels with Respect to Human Exposure to Electric, Magnetic, and Electromagnetic Fields, 0 Hz to 300 GHz}, 
year={2019},
pages={1-312},
keywords={regulation},
}
@ARTICLE{ieee1625,
  journal={IEEE Std 1625-2008 (Revision of IEEE Std 1625-2004)}, 
  title={IEEE Standard for Rechargeable Batteries for Multi-Cell Mobile Computing Devices}, 
  year={2008},
  pages={1-0},
  keywords={regulation},
  abstract={This standard guides manufacturers/suppliers in planning and implementing the controls for the design and manufacture of lithium-ion (Li-ion) and lithium-ion polymer (Li-ion polymer) rechargeable battery packs used for multi-cell mobile computing devices. The provisions of this standard work together to define approaches to design, test, and evaluate a cell, battery pack, and host device to mitigate battery system failure. Additionally, this standard provides recommendations for end-user education and communication materials. This approach recommends the interfaces between subsystems (for example, cell, battery pack, host device, power adapter, etc.), and end users are as important to system reliability as is robust subsystem design and testing. This standard, therefore, includes subsystem interface design responsibilities for each subsystem manufacturer/supplier, and it provides messaging and communication provisions for end-user awareness. Therefore, the responsibility for total system reliability is shared between the designers/manufacturers/suppliers of the subsystems and the end user. Compliance to this standard requires adherence to all the provisions of the standard.},
  keywords={IEEE standards;lithium;mobile computing;secondary cells;IEEE standard 1625-2008;rechargeable batteries;multi-cell mobile computing devices;lithium-ion rechargeable battery packs;lithium-ion polymer rechargeable battery packs;1625-2008;battery;battery pack;cell;host device;lithium-ion (Li-ion);lithium-ion polymer (Li-ion polymer);mobile computing device;pack;portable computing;rechargeable battery;rechargeable battery packs},
  doi={10.1109/IEEESTD.2008.4657368},
  ISSN={},
  month={Oct},
  }
@ARTICLE{ieee802,
journal={IEEE Std 802.15.1-2005}, 
title={IEEE Standard for Information Technology. Local and Metropolitan Area Networks. Specific Requirements}, 
year={2005},
pages={1-312},
  keywords={regulation},
}
@ARTICLE{fcc15,
  journal={FCC Std 15},
  title={Radio Frequency Devices},
  year={2020},
  keywords={regulation},
}
@ARTICLE{fcc18,
  journal={FCC Std 18},
  title={Industrial, Scientific, and Medical Equipment},
  year={2020},
  keywords={regulation},
}
@ARTICLE{fccsum,
  journal={FCC Office of Engineering and Technology Laboratory Division},
  title={RF Exposure Considerations for Low Power Consumer Wireless Power Transfer Applications},
  year={2018},
  pages={1-4},
  keywords={regulation},
}
@ARTICLE{en55011,
journal={BS EN 55011:2016+A1:2017}, 
title={Industrial, Scientific and Medical Equipment. Radio-Frequency Disturbance Characteristics. Limits and Methods of Measurement}, 
year={2017},
pages={1-98},
keywords={regulation},
}
@ONLINE{qtbt,
title={Qt Documentation :: Qt 5.15 :: Qt Bluetooth},
organization={Qt Company Ltd.},
urldate={2020-10-08},
url={https://doc.qt.io/qt-5/qtbluetooth-index.html},
keywords={documentation}
}
@ARTICLE{infrared,
author={Joseph M. Kahn and John R. Barry},
journal={Proceedings of the IEEE 85 (2)},
title={Wireless Infrared Communications},
pages={265-298},
year={1997},
keywords={furtherReading},
}
@ARTICLE{widebandreg,
journal={Decawave Application Note: APR001},
title={A Summary of Worldwide Telecommunications Regulations Governing the Use of Ultra-Wideband Radio Version 1.2},
pages={1-63},
year={2015},
keywords={regulation, furtherReading},
}
@ARTICLE{mdpiCoil,
  author={G. Choi},
  journal={Microsemi}, 
  title={13.56 MHz, CLASS-E, 1KW RF Generator using a Microsemi DRF1200 Driver/ MOSFET Hybrid}, 
  year={2013},
  keywords={design},
  }
@ARTICLE{ecceHarmonicFiltered,
  author={T. Gerrits},
  journal={Energy Conversion Congress and Exposition (ECCE), 2010 IEEE}, 
  title={Third harmonic filtered 13.56 MHz Push-Pull Class-E Power Amplifier}, 
  year={2008},
  keywords={design},
  }
@ARTICLE{questSCI2019,
  journal={Semiconductor Components Industries, LLC TND6239/D Rev.1, JUNE - 2019}, 
  title={The Quest for Power Density}, 
  year={2019},
  keywords={design},
  }
@ARTICLE{1fs,
  author={Norhisam Misron, Loo Qian Ying, Raja Nor Firdaus, Norrimah Abdullah, Nashiren Farzilah Mailah, and Hiroyuki Wakiwaka},
  journal={Sensors Vol. 11 (11)}, 
  title={Effect of Inductive Coil Shape on Sensing Performance of Linear Displacement Sensor Using Thin Inductive Coil and Pattern Guide}, 
  year={2011},
  keywords={design},
  }
@ARTICLE{rgCoilEff,
  author={Xinshi Shi, Chang Qi, Meiling Qu and Shuangli Ye},
  journal={Journal of Electromagnetic Waves and Applications 28 (11)}, 
  title={Effects of Coil Shapes on Wireless Power Transfer Via Magnetic Resonance Coupling}, 
  year={2014},
  keywords={design}
  }
@ARTICLE{fsinccoils,
  journal={Freescale Semiconductor, Inc. AN4866 Rev. 0, 01/2014}, 
  title={Coils Used for Wireless Charging}, 
  year={2014},
  keywords={design}
  }
@ARTICLE{aipAdvOptDesign,
  author={Junhua Wang, Meilin Hu, Changsong Cai, Zhongzheng Lin, Liang Li, and Zhijian Fang},
  journal={AIP Advances 8, 055004 (2018)}, 
  title={Optimization Design of Wireless Charging System for Autonomous Robots Based on Magnetic Resonance Coupling}, 
  year={2018},
  keywords={furtherReading},
  }
  @INPROCEEDINGS{ieeeuwb,
  author={Y. {Rahayu} and T. A. {Rahman} and R. {Ngah} and P. S. {Hall}},
  booktitle={2008 5th IFIP International Conference on Wireless and Optical Communications Networks (WOCN '08)}, 
  title={Ultra wideband technology and its applications}, 
  year={2008},
  volume={},
  number={},
  pages={1-5},
  doi={10.1109/WOCN.2008.4542537},
  keywords={design},
}
@ARTICLE{ltc4162L,
  journal={Analog Devices, Inc},
  title={LTC4162-L 35V/3.2A Multicell Lithium-Ion Step-Down Battery Charger with PowerPath and I$^2$ Telemetry}, 
  urldate={10/20/2020},
  url={https://www.analog.com/media/en/technical-documentation/data-sheets/LTC4162-L.pdf},
  year={2018},
  pages={1-52},
  keywords={documentation},
  }
@ARTICLE{appNote171,
  journal={Analog Devices, Inc. Application Note 171},
  author={Steven Martin, Battery Charger Design Manager},
  title={Reverse Voltage Protection for Battery Chargers}, 
  urldate={10/20/2020},
  url={https://www.analog.com/media/en/technical-documentation/application-notes/AN-171\_AN-1568.pdf},
  year={2018},
  pages={1-6},
  keywords={documentation},
  }
@ARTICLE{AST3TQ28,
  journal={Abracon LLC. Precision SMD TCXO/VCTCXO},
  title={AST3TQ-28}, 
  urldate={10/17/2020},
  url={https://abracon.com/Oscillators/AST3TQ-28.pdf},
  year={2019},
  pages={1-6},
  keywords={documentation},
  }
@ARTICLE{LMG1210,
  journal={Texas Instruments Inc. SNOSD12D - NOVEMBER 2018 - REVISED JANUARY 2019},
  title={LMG1210}, 
  urldate={10/17/2020},
  url={https://www.ti.com/lit/ds/symlink/lmg1210.pdf?HQS=TI-null-null-mousermode-df-pf-null-wwe\&DCM=yes\&ref\_url=https\%3A\%2F\%2Fwww.mouser.com\%2F\&distId=26},
  year={2019},
  pages={1-6},
  keywords={documentation},
  }
@ARTICLE{80SQ045N,
  journal={Semiconductor Components Industries LLC. Public Datasheet},
  title={80SQ045N Axial Lead Rectifier}, 
  urldate={10/17/2020},
  url={https://www.onsemi.com/pub/Collateral/80SQ045N-D.PDF},
  year={2000},
  pages={1-5},
  keywords={documentation},
  }
@ARTICLE{classepower,
  author={N. O. Sokal},
  journal={QEX}, 
  title={Class-E RF Power Amplifiers}, 
  year={2001},
  pages={9-20},
  keywords={design}
  }
@BOOK{Microelectronics,
  author={D. A. Neamen},
  publisher={Mc Graw Hill},
  title={Microelectronics: Circuit Analysis and Design}, 
  year={2010},
  pages={75-81},
  keywords={design},
  }
@ONLINE{skin,
title={Skin Depth (aka Skin Effect) as a Function of Frequency, Permeability, \& Conductivity},
organization={RF Cafe},
urldate={10/20/2020},
url={https://www.rfcafe.com/references/electrical/skin-depth.htm},
keywords={documentation},
}
@ONLINE{rfCond,
title={Conductor Bulk Resistivity \& Skin Depths},
organization={RF Cafe},
urldate={10/20/2020},
url={https://www.rfcafe.com/references/electrical/cond-high-freq.htm},
keywords={documentation},
}
@ARTICLE{simpDesign,
  author={Charles R. Sullivan and Richard Y. Zhang},
  journal={IEEE Applied Power Electronics Conference (APEC)},
  title={Simplified Design Method for Litz Wire}, 
  urldate={10/20/2020},
  url={https://thayer.dartmouth.edu/inductor/papers/SimpLitz.pdf},
  year={2014},
  pages={2667-2674},
  keywords={design},
}
@ONLINE{guageSkin,
title={More on the "skin effect"},
organization={RF Cafe},
urldate={10/20/2020},
url={https://www.electronicsteacher.com/alternating-current/reactance-and-impedance-inductive/more-on-the-skin-effect.php},
keywords={documentation},
}
@ONLINE{mcmaster,
title={McMaster-Carr Standard Metal Tubing Catelog},
urldate={10/20/2020},
url={https://www.mcmaster.com/standard-metal-tubing/},
keywords={catelog},
}
@ONLINE{testKit,
title={Texas Instruments MSP430FR5994 Tool Description},
urldate={10/20/2020},
url={https://www.ti.com/tool/MSP-EXP430FR5994},
keywords={documentation},
}
@ARTICLE{MSP430FR599x,
  journal={Texas Instruments Inc. SLASE54C - MARCH 2016 - REVISED AUGUST 2018},
  title={MSP430FR599x, MSP430FR596x Mixed-Signal Microcontrollers}, 
  urldate={10/20/2020},
  url={https://www.ti.com/lit/ds/symlink/msp430fr5994.pdf?ts=1604041478538\&ref\_url=https\%253A\%252F\%252Fwww.ti.com\%252Fproduct\%252FMSP430FR5994},
  year={2018},
  pages={1-172},
  keywords={documentation},
  }
@ARTICLE{demoDC2038A,
  journal={Analog Devices, Inc. Evaluation Kit Manuals},
  title={DEMO MANUAL DC2038A}, 
  urldate={10/20/2020},
  url={analog.com/media/en/dsp-documentation/evaluation-kit-manuals/DC2038A.pdf},
  year={2019},
  pages={1-14},
  keywords={documentation},
  }
@ARTICLE{TPS54160,
  journal={Texas Instruments Inc. SLVSB56C - MAY 2012 - REVISED FEBRUARY 2014},
  title={TPS54160 1.5-A, 60-V, Step-Down DC/DC Converter with Eco-mode}, 
  urldate={11/30/2020},
  url={https://www.ti.com/lit/ds/symlink/tps54160.pdf},
  year={2014},
  pages={1-58},
  keywords={documentation},
  }
  @ARTICLE{WiboSHPS,
  journal={WIBOTIC Products},
  title={Standard High Power System}, 
  urldate={01/22/2021},
  url={https://www.wibotic.com/products/high-power-dev-kit/},
  year={2021},
  keywords={documentation},
  }
    @ARTICLE{RoombaEduData,
  journal={iRobot Education: Create 2: Create $|$ Advanced},
  title={Anatomy of a Create 2}, 
  year={2021},
  keywords={documentation},
  }
    @ARTICLE{TPSM265R1,
  journal={Texas Instruments Inc. SNVSBF6A - OCTOBER 2019 - REVISED DECEMBER 2019},
  title={TPSM265R1 65-V Input, 100-mA Power Module with Ultra-Low IQ}, 
  urldate={11/30/2020},
  url={https://www.ti.com/lit/ds/symlink/tpsm265r1.pdf?ts=1606735419804&ref_url=https\%253A\%252F\%252Fduckduckgo.com\%252F},
  year={2019},
  pages={1-32},
  keywords={documentation},
  }